% 25822018 
@Article{pmid25822018,
   Author="Meldi, K.  and Qin, T.  and Buchi, F.  and Droin, N.  and Sotzen, J.  and Micol, J. B.  and Selimoglu-Buet, D.  and Masala, E.  and Allione, B.  and Gioia, D.  and Poloni, A.  and Lunghi, M.  and Solary, E.  and Abdel-Wahab, O.  and Santini, V.  and Figueroa, M. E. ",
   Title="{{S}pecific molecular signatures predict decitabine response in chronic myelomonocytic leukemia}",
   Journal="J. Clin. Invest.",
   Year="2015",
   Volume="125",
   Number="5",
   Pages="1857--1872",
   Month="May"
}

% 29043067 
@Article{pmid29043067,
   Author="Collado-Torres, L.  and Nellore, A.  and Jaffe, A. E. ",
   Title="{recount workflow: {A}ccessing over 70,000 human {R}{N}{A}-seq samples with {B}ioconductor}",
   Journal="F1000Res",
   Year="2017",
   Volume="6",
   Pages="1558"
}

% 28398307 
@Article{pmid28398307,
   Author="Collado-Torres, L.  and Nellore, A.  and Kammers, K.  and Ellis, S. E.  and Taub, M. A.  and Hansen, K. D.  and Jaffe, A. E.  and Langmead, B.  and Leek, J. T. ",
   Title="{{R}eproducible {R}{N}{A}-seq analysis using recount2}",
   Journal="Nat. Biotechnol.",
   Year="2017",
   Volume="35",
   Number="4",
   Pages="319--321",
   Month="04"
}